@Manual{R-base,
  title = {R: A Language and Environment for Statistical Computing},
  author = {{R Core Team}},
  organization = {R Foundation for Statistical Computing},
  address = {Vienna, Austria},
  year = {2016},
  url = {https://www.R-project.org/},
}

@misc{iode2018,
  title = {Inquiry oriented differential equations: Course materials},
  author = {Rasmussen, C. and Keene, K. A. and Dunmyre, J. and Fortune, N.},
  year = {2018},
  url = {https://iode.sdsu.edu},
  note = {This work is licensed under a Creative Commons Attribution-NonCommercial-ShareAlike 4.0 International License. \url{http://creativecommons.org/licenses/by-nc-sa/4.0/}}
}

@book{hallstrom2018,
  title = {Ordinary Differential Equations: A Primer on Dynamics and Systems},
  author = {Hallstrom, Christopher},
  publisher = {online},
  year = {2018},
  note = {Version 2.3}
}

@book{trench2013elementary,
  title={Elementary Differential Equations},
  author={Trench, William F},
  year={2013},
  publisher={Faculty Authored and Edited Books \& CDs. 8.}
}

@misc{paulodenotes,
  title = {Paul's Online Notes on Differential Equations},
  author = {Dawkins, Paul},
  year = {2023},
  url = {https://tutorial.math.lamar.edu/Classes/DE/DE.aspx}
}

@misc{clontz2022,
  title = {Differential Equations - Checkit},
  author = {Steven Clontz},
  year = {2022},
  url = {https://stevenclontz.github.io/checkit-clontz-diff-eq},
  urldate = {2023-08-27}
}
